
@article{Hayek1989pretence, 
  title={The pretence of knowledge}, 
  author={Hayek, Friedrich August}, 
  journal={The American Economic Review}, 
  volume={79}, 
  number={6}, 
  pages={3--7}, 
  year={1989}, 
  publisher={JSTOR} 
}

@article{buchanan1987constitution,
  title={The constitution of economic policy}, 
  author={Buchanan, James M}, 
  journal={The American economic review}, 
  volume={77}, number={3}, 
  pages={243--250}, 
  year={1987}, 
  publisher={JSTOR} 
}

@article{north1994economic, 
  title={Economic performance through time}, 
  author={North, Douglass C}, 
  journal={The American economic review}, 
  volume={84}, number={3}, 
  pages={359--368}, 
  year={1994}, 
  publisher={JSTOR} 
}

@article{ostrom2010beyond, 
  title={Beyond markets and states: polycentric governance of complex economic systems}, 
  author={Ostrom, Elinor}, 
  journal={American economic review}, 
  volume={100}, 
  number={3}, 
  pages={641--72},
  year={2010} 
}

@article{buchanan1964should, 
  title={What should economists do?}, 
  author={Buchanan, James M}, 
  journal={Southern Economic Journal}, 
  pages={213--222}, 
  year={1964}, 
  publisher={JSTOR} 
}